@misc{cnblog:timeflow1024,
  title = {蒙特卡洛积分与重要性采样详解},
  author = {CSDN},
  year = {2023},
  howpublished = {\url{https://www.cnblogs.com/time-flow1024/p/10094293.html}}
}

@article{huo2021survey,
  title = {A survey on deep learning-based {Monte Carlo} denoising},
  author = {Yuchi Huo and Sung-eui Yoon},
  year = {2021},
  journal = {The Author(s)}
}

@article{bako2017kernelpredicting,
  title = {Kernel-predicting convolutional networks for denoising {Monte Carlo} renderings},
  author = {Steve Bako and others},
  journal = {ACM Trans. Graph.},
  volume = {36},
  number = {4},
  year = {2017},
  pages = {97--1},
}

@article{gharbi2019samplebased,
  title = {Sample-based {Monte Carlo} denoising using a kernel-splatting network},
  author = {Michaël Gharbi and others},
  journal = {ACM Transactions on Graphics (TOG)},
  volume = {38},
  number = {4},
  year = {2019},
  pages = {1--12},
}

@misc{csdn_blog,
  title = {图像降噪算法——图像降噪算法总结},
  author = {CSDN},
  howpublished = {CSDN Blog},
  url = {https://blog.csdn.net/weixin_44580210/article/details/104850444},
}

@article{gu2019review,
  title = {A brief review of image denoising algorithms and beyond},
  author = {Gu, Shuhang and Timofte, Radu},
  journal = {Inpainting and Denoising Challenges},
  year = {2019},
  pages = {1--21},
}


@misc{oidn_website,
  title = {{Intel Open Image Denoise}},
  howpublished = {\url{https://www.openimagedenoise.org}},
}

@misc{oidn_github,
  title = {{Open Image Denoise GitHub Repository}},
  author = {Github},
  howpublished = {\url{https://github.com/OpenImageDenoise/oidn}},
}

@misc{zhihu97905713,
  title = "c++自设概率叠加高斯噪声",
  author = {zhihu},
  howpublished = {\url{https://zhuanlan.zhihu.com/p/97905713}},
}


@article{Gharbi2019SampleBasedMC,
  author = {Gharbi, M. and Li, T.-M. and Aittala, M. and Lehtinen, J. and Durand, F.},
  title = {Sample-based Monte Carlo denoising using a kernel-splatting network},
  journal = {ACM Transactions on Graphics},
  volume = {38},
  number = {4},
  pages = {125},
  year = {2019},
}

@article{Delbracio2014BoostingMC,
  author = {Delbracio, Mauricio and Musé, Pablo and Buades, Antoni and Chauvier, Julien and Phelps, Nicholas and Morel, Jean-Michel},
  title = {Boosting Monte Carlo rendering by ray histogram fusion},
  journal = {ACM Transactions on Graphics},
  year = {2014},
  volume = {33},
  number = {6},
  pages = {204:1--204:13},
}
